<?xml version="1.0" encoding="UTF-8"?><collection xmlns="http://www.loc.gov/MARC21/slim"><record><leader>00531nam--2200181-i-4500</leader><controlfield tag="001">000001565</controlfield><controlfield tag="002">20161230</controlfield><controlfield tag="005">20161230201024</controlfield><controlfield tag="008">060222s1000------------r-----000-0-ger-d</controlfield><datafield ind1=" " ind2=" " tag="040"><subfield code="a">IFIN-HH</subfield></datafield><datafield ind1=" " ind2=" " tag="041"><subfield code="a">ger</subfield></datafield><datafield ind1=" " ind2=" " tag="080"><subfield code="a">536.7:546.23(043)</subfield></datafield><datafield ind1="1" ind2=" " tag="100"><subfield code="a">Franz, Jurgen-peter</subfield></datafield><datafield ind1="1" ind2="0" tag="245"><subfield code="a">Untersuchung der thermodynamischen stabilitat des monoklinen selens</subfield><subfield code="b">Dissertation</subfield><subfield code="c">Jurgen-peter franz</subfield></datafield><datafield ind1=" " ind2=" " tag="260"><subfield code="a">Berlin</subfield><subfield code="b">Technischen Universitat Berlin</subfield><subfield code="c">1978</subfield></datafield><datafield ind1=" " ind2=" " tag="300"><subfield code="a">137 P</subfield></datafield><datafield ind1=" " ind2=" " tag="852"><subfield code="a">46998</subfield><subfield code="c">536.7</subfield></datafield><datafield ind1=" " ind2=" " tag="CAT"><subfield code="a">Sys</subfield><subfield code="c">20110531</subfield><subfield code="h">150330</subfield></datafield></record></collection>